<?xml version="1.0" encoding="UTF-8" ?><marc:record xmlns:marc="http://www.loc.gov/MARC21/slim"><marc:leader>00686nam a2200109   4500</marc:leader><marc:controlfield tag="001">1000218</marc:controlfield><marc:controlfield tag="008">100120s1828        enk       |00|| und d</marc:controlfield><marc:datafield tag="100" ind1="1" ind2=" "><marc:subfield code="a">Darwin, Charles.</marc:subfield></marc:datafield><marc:datafield tag="245" ind1="1" ind2="0"><marc:subfield code="a">über die Eigenschaften welche sich bei Menschen und Thieren von den Eltern auf die Nachkommen vererben, mit besonderer Rücksicht auf die Pferdezucht, mit Beiträgen von F. Notter. :</marc:subfield><marc:subfield code="b">[Supplementary material in Charles Darwin's copy].</marc:subfield></marc:datafield><marc:datafield tag="500" ind1=" " ind2=" "><marc:subfield code="a">Identifier: Hofacker1828vf53Y_MS.</marc:subfield></marc:datafield><marc:datafield tag="700" ind1="1" ind2=" "><marc:subfield code="a">Hofacker, J.D.</marc:subfield></marc:datafield><marc:datafield tag="772" ind1="0" ind2=" "><marc:subfield code="t">über die Eigenschaften welche sich bei Menschen und Thieren von den Eltern auf die Nachkommen vererben, mit besonderer Rücksicht auf die Pferdezucht, mit Beiträgen von F. Notter.</marc:subfield><marc:subfield code="o">Hofacker1828vf53Y</marc:subfield></marc:datafield></marc:record>